@ELECTRONIC{SleekXMPP,
    author = {Nathan Fritz and Lance Stout},
    title = {Sleek{XMPP}},
    owner = {lstout},
    year = 2009,
    month = sep,
    url = {http://github.com/fritzy/SleekXMPP},
}

@misc{rfc6120,
  author="P. Saint-Andre",
  title="{Extensible Messaging and Presence Protocol (XMPP): Core}",
  series="Request for Comments",
  number="6120",
  howpublished="RFC 6120 (Proposed Standard)",
  publisher="IETF",
  organization="Internet Engineering Task Force",
  year=2011,
  month=mar,
    url="http://www.ietf.org/rfc/rfc6120.txt",
}

@misc{rfc3920,
  author="P. Saint-Andre",
  title="{Extensible Messaging and Presence Protocol (XMPP): Core}",
  series="Request for Comments",
  number="3920",
  howpublished="RFC 3920 (Proposed Standard)",
  publisher="IETF",
  organization="Internet Engineering Task Force",
  year=2004,
  month=oct,
    note="Obsoleted by RFC 6120, updated by RFC 6122",
  url="http://www.ietf.org/rfc/rfc3920.txt",
}

@misc{mongooeIM,
    url="http://soerlang.tumblr.com/post/35563581435/esl-mongooseim-vs-p1-ejabberd-part-i-piotr-nosek",
}

@misc{iot_protocols,
    url="http://blogs.cisco.com/ioe/beyond-mqtt-a-cisco-view-on-iot-protocols/",
}

@misc{iot_linkedin,
    url="http://lnkd.in/bMHxfWR"
}

@misc{iot_bonanza,
    url="http://www.mercurynews.com/business/ci_24836116/internet-things-seen-bonanza-bay-area-businesses"
}



3, 




7- http://xmpp.org/extensions/xep-0122.html#usecases-datatypes   Data forms validation
